<?xml version="1.0" encoding="UTF-8"?><collection xmlns="http://www.loc.gov/MARC21/slim"><record><leader>00516nam--2200169-u-4500</leader><controlfield tag="001">000050774</controlfield><controlfield tag="002">20161230</controlfield><controlfield tag="005">20161230201048</controlfield><controlfield tag="008">080402s1000------------r-----000-0-eng-d</controlfield><datafield ind1=" " ind2=" " tag="040"><subfield code="a">IFIN-HH</subfield></datafield><datafield ind1="1" ind2="0" tag="100"><subfield code="a">Kac, Mark</subfield></datafield><datafield ind1="1" ind2=" " tag="245"><subfield code="a">Probability and Related Topics in Physical Sciences</subfield></datafield><datafield ind1=" " ind2=" " tag="260"><subfield code="a">London</subfield><subfield code="b">Interscience Publishers, Ltd</subfield><subfield code="c">1959</subfield></datafield><datafield ind1=" " ind2=" " tag="300"><subfield code="a">266 p</subfield></datafield><datafield ind1=" " ind2=" " tag="490"><subfield code="a">Lectures in Applied Mathematics Proceedings in the Summer Seminar, Boulder, Colotrado, 1957</subfield></datafield><datafield ind1=" " ind2=" " tag="852"><subfield code="a">15332</subfield></datafield><datafield ind1=" " ind2=" " tag="CAT"><subfield code="a">Sys</subfield><subfield code="c">20080402</subfield><subfield code="h">141339</subfield></datafield></record></collection>